<record><leader>00000cas a22000007a 4500</leader><controlfield tag="001">18391082</controlfield><controlfield tag="006">m     o  d        </controlfield><controlfield tag="007">cr cn|||||||||</controlfield><controlfield tag="008">880823c19039999ohuwn neo     0   a0eng d</controlfield><datafield ind1=" " ind2=" " tag="010"><subfield code="a">sn 88078766 </subfield></datafield><datafield ind1=" " ind2=" " tag="040"><subfield code="a">ONP</subfield><subfield code="b">eng</subfield><subfield code="c">ONP</subfield><subfield code="d">OCLCQ</subfield><subfield code="d">OCLCF</subfield><subfield code="d">TEF</subfield><subfield code="d">OCL</subfield><subfield code="d">OCLCA</subfield><subfield code="d">TEF</subfield><subfield code="d">OCLCQ</subfield></datafield><datafield ind1=" " ind2=" " tag="037"><subfield code="a">85C5F8A0-5FD5-4C66-A76F-F18E8972C83E</subfield><subfield code="b">OverDrive, Inc.</subfield><subfield code="n">http://www.overdrive.com</subfield></datafield><datafield ind1=" " ind2=" " tag="042"><subfield code="a">msc</subfield></datafield><datafield ind1=" " ind2=" " tag="043"><subfield code="a">n-us-oh</subfield></datafield><datafield ind1=" " ind2="4" tag="050"><subfield code="a">LH1.D465</subfield></datafield><datafield ind1="0" ind2="4" tag="082"><subfield code="a">378.771/54</subfield></datafield><datafield ind1="0" ind2=" " tag="130"><subfield code="a">Denisonian (Granville, Ohio : 1903)</subfield></datafield><datafield ind1="1" ind2="4" tag="245"><subfield code="a">The Denisonian.</subfield></datafield><datafield ind1=" " ind2=" " tag="260"><subfield code="a">Granville, Ohio :</subfield><subfield code="b">Horace H. Wall,</subfield><subfield code="c">1903-</subfield></datafield><datafield ind1=" " ind2=" " tag="310"><subfield code="a">Weekly (during the school year)</subfield></datafield><datafield ind1=" " ind2=" " tag="336"><subfield code="a">text</subfield><subfield code="b">txt</subfield><subfield code="2">rdacontent</subfield></datafield><datafield ind1=" " ind2=" " tag="337"><subfield code="a">computer</subfield><subfield code="b">c</subfield><subfield code="2">rdamedia</subfield></datafield><datafield ind1=" " ind2=" " tag="338"><subfield code="a">online resource</subfield><subfield code="b">cr</subfield><subfield code="2">rdacarrier</subfield></datafield><datafield ind1="0" ind2=" " tag="362"><subfield code="a">Vol. 37, no. 1 (Sept. 19, 1903)-</subfield></datafield><datafield ind1=" " ind2=" " tag="500"><subfield code="a">Collegiate newspaper of Denison University.</subfield></datafield><datafield ind1="2" ind2="0" tag="610"><subfield code="a">Denison University</subfield><subfield code="x">Students</subfield><subfield code="v">Newspapers.</subfield></datafield><datafield ind1=" " ind2="0" tag="650"><subfield code="a">Universities and colleges</subfield><subfield code="z">Ohio</subfield><subfield code="v">Newspapers.</subfield></datafield><datafield ind1=" " ind2="0" tag="651"><subfield code="a">Granville (Ohio)</subfield><subfield code="v">Newspapers.</subfield></datafield><datafield ind1=" " ind2="4" tag="651"><subfield code="a">Granville (Ohio)</subfield><subfield code="v">Newspapers.</subfield></datafield><datafield ind1=" " ind2="4" tag="651"><subfield code="a">Licking County (Ohio)</subfield><subfield code="v">Newspapers.</subfield></datafield><datafield ind1="2" ind2="7" tag="610"><subfield code="a">Denison University.</subfield><subfield code="2">fast</subfield><subfield code="0">(OCoLC)fst00513022</subfield></datafield><datafield ind1=" " ind2="7" tag="650"><subfield code="a">Students.</subfield><subfield code="2">fast</subfield><subfield code="0">(OCoLC)fst01136041</subfield></datafield><datafield ind1=" " ind2="7" tag="650"><subfield code="a">Universities and colleges.</subfield><subfield code="2">fast</subfield><subfield code="0">(OCoLC)fst01161597</subfield></datafield><datafield ind1=" " ind2="7" tag="651"><subfield code="a">Ohio.</subfield><subfield code="2">fast</subfield><subfield code="0">(OCoLC)fst01205075</subfield></datafield><datafield ind1=" " ind2="7" tag="651"><subfield code="a">Ohio</subfield><subfield code="z">Granville.</subfield><subfield code="2">fast</subfield><subfield code="0">(OCoLC)fst01202797</subfield></datafield><datafield ind1=" " ind2="4" tag="655"><subfield code="a">Electronic journals.</subfield></datafield><datafield ind1=" " ind2="7" tag="655"><subfield code="a">Newspapers.</subfield><subfield code="2">fast</subfield><subfield code="0">(OCoLC)fst01423814</subfield></datafield><datafield ind1=" " ind2=" " tag="752"><subfield code="a">United States</subfield><subfield code="b">Ohio</subfield><subfield code="c">Licking</subfield><subfield code="d">Granville.</subfield></datafield><datafield ind1="0" ind2="0" tag="780"><subfield code="t">Weekly Denisonian</subfield><subfield code="w">(DLC)sn 88078767</subfield></datafield><datafield ind1="4" ind2="0" tag="856"><subfield code="3">OverDrive</subfield><subfield code="u">https://www.overdrive.com/search?q=85C5F8A0-5FD5-4C66-A76F-F18E8972C83E</subfield></datafield><datafield ind1="4" ind2=" " tag="856"><subfield code="3">Image</subfield><subfield code="u">http://images.cdn.overdrive.com/ImageType-100/6048-1/{85C5F8A0-5FD5-4C66-A76F-F18E8972C83E}Img100.jpg</subfield></datafield><datafield ind1="1" ind2=" " tag="029"><subfield code="a">AU@</subfield><subfield code="b">000020519846</subfield></datafield></record>